@article{harris1965diffusion,
    title={Diffusion with "collisions" between particles},
    author={Harris, Theodore Edward},
    journal={Journal of Applied Probability},
    volume={2},
    number={2},
    pages={323--338},
    year={1965},
    publisher={JSTOR}
}

@article{shida2010major,
  title={The major $\alpha$-tubulin K40 acetyltransferase $\alpha$TAT1 promotes rapid ciliogenesis and efficient mechanosensation},
  author={Shida, Toshinobu and Cueva, Juan G and Xu, Zhenjie and Goodman, Miriam B and Nachury, Maxence V},
  journal={Proceedings of the National Academy of Sciences},
  volume={107},
  number={50},
  pages={21517--21522},
  year={2010},
  publisher={National Acad Sciences}
}

@article{montagnac2013agr,
  title={$\alpha$TAT1 catalyses microtubule acetylation at clathrin-coated pits},
  author={Montagnac, Guillaume and Meas-Yedid, Vannary and Irondelle, Marie and Castro-Castro, Antonio and Franco, Michel and Shida, Toshinobu and Nachury, Maxence V and Benmerah, Alexandre and Olivo-Marin, Jean-Christophe and Chavrier, Philippe},
  journal={Nature},
  volume={502},
  number={7472},
  pages={567--570},
  year={2013},
  publisher={Nature Publishing Group}
}
